3092 5050
644 1003 690 1076 T.
719 1002 828 1077 LIVI

300 1140 353 1199 xe
376 1141 482 1200 viius
505 1140 682 1202 connino
705 1141 813 1199 ursin
837 1141 948 1200 xxxv
972 1140 1179 1202 Piniuooiix.

269 1269 300 1324 P.
307 1269 396 1338 Scipio
406 1269 551 1324 Africanus
560 1269 885 1338 legetusadAutiochum
892 1270 990 1325 missus
999 1270 1100 1339 liphesi
1106 1285 1167 1324 curu
1173 1271 1277 1325 Hauni-

202 1336 272 1404 hule,
284 1337 332 1418 qui
343 1353 373 1393 se
381 1337 522 1392 Antiocho
533 1337 705 1405 adiunxerat,
717 1338 875 1393 conlocutus
887 1344 939 1406 eet,
950 1345 993 1405 ut,
1005 1343 1028 1392 si
1040 1339 1099 1392 fieri
1112 1346 1210 1407 posset.
1222 1353 1277 1393 me·

201 1411 263 1460 tum
274 1421 309 1473 er,
327 1421 408 1474 quein
420 1422 454 1461 ex
464 1405 565 1529 mo
577 1406 698 1460 Romano
715 1412 885 1487 conceperat,
902 1407 1041 1462 eximeret.
1059 1406 1131 1461 inter
1142 1406 1197 1460 ulia
1214 1423 1275 1462 cum

202 1489 332 1542 quaerere
371 1489 452 1542 quein
565 1474 714 1529 maximum
732 1481 924 1545 imperatorem
936 1475 1072 1530 llauuibal
1090 1475 1197 1530 credere
1237 1490 1278 1530 re·

203 1542 314 1611 spondit
356 1541 1210 1612 exandrum,llacedouumregem,quodparvamanuiuuumera
1228 1541 1278 1597 iles
1300 1552 1315 1600 5

203 1610 341 1666 exercitus
358 1610 475 1665 fudisset
491 1611 618 1679 qnodque
629 1610 741 1666 ultimas
758 1626 829 1679 oras,
846 1626 914 1680 ques
933 1611 1019 1665 visere
1036 1626 1119 1679 supra
1136 1626 1212 1680 spem
1229 1611 1278 1665 hu·

203 1694 312 1733 mariam
329 1686 410 1743 esset,
431 1685 614 1749 peragrasset.
648 1679 791 1747 quaerenti
808 1679 913 1745 deiude,
935 1695 1016 1747 quem
1033 1679 1181 1734 secuudum
1199 1694 1278 1747 pone-

203 1754 256 1811 ret,
272 1743 428 1816 'Pyrrhum’
447 1746 551 1815 iuquit;
568 1752 660 1802 castra
677 1747 776 1803 metari
793 1747 911 1817 primum
922 1748 1056 1814 docuisse,
1073 1747 1108 1801 ad
1125 1747 1178 1803 hoo
1194 1747 1279 1802 nemi·

203 1831 266 1870 neui
283 1815 438 1886 elegantius
455 1815 516 1870 loca
533 1815 645 1885 cepisse,
662 1815 800 1886 praesidia
817 1816 991 1885 disposuisse.
1013 1814 1181 1883 exsequenti,
1198 1830 1279 1884 quem

204 1882 319 1938 tertium
341 1883 453 1950 diceret,
474 1889 563 1939 semet
583 1882 673 1953 ipsum
695 1883 774 1939 dixit
792 1883 881 1940 rideris
898 1884 988 1954 Scipio
1004 1883 1142 1969 ‘quidnam
1160 1889 1193 1938 tu
1210 1883 1280 1939 dice
1304 1885 1331 1935 10

204 1967 257 2017 ree,
279 1952 303 2006 si
321 1946 372 2007 me'
389 1953 418 2006 iii
436 1953 479 2006 uit
492 1945 646 2006 ‘uicisseai’
672 1949 749 2006 ‘tuuc
766 1968 831 2009 uero
849 1947 900 2008 me'
917 1952 1009 2033 inquit
1034 1957 1145 2008 stante
1162 1951 1280 2007 Alexan·

204 2021 284 2075 dium
301 2027 331 2074 et
348 2027 412 2074 ante
447 2020 559 2088 yrrhum
571 2026 601 2074 et
612 2025 676 2074 aute
688 2020 757 2075 alios
768 2015 935 2090 posuissem'.
952 2026 1025 2079 iuter
1037 2027 1128 2077 cetera
1145 2020 1279 2091 prodigia,

223 2104 275 2143 uae
292 2088 411 2158 plurima
428 2088 514 2143 inisse
531 2088 688 2156 traduntur,
706 2089 804 2145 hovem
822 2091 870 2145 Gn.
887 2088 1004 2145 Domitii
1026 2088 1140 2144 coraulis
1157 2089 1280 2144 locutam

256 2173 300 2211 ma
322 2173 388 2212 cave
411 2154 473 2211 tihi'
493 2156 620 2212 refertur.
655 2156 749 2224 Nabis,
765 2157 1038 2213 Lacedaemoniorum
1055 2165 1198 2226 tyrannus,
1214 2156 1281 2212 iuci-

206 2231 283 2280 tstus
309 2226 343 2279 ab
361 2225 477 2292 Aetolis,
505 2224 552 2292 qui
579 2231 608 2279 et
633 2225 792 2295 Philippum
819 2232 848 2280 et
866 2224 1027 2280 Antiochum
1055 2225 1090 2279 ad
1112 2224 1282 2281 inferendum
1305 2228 1333 2276 15

206 2293 307 2348 bellum
325 2293 426 2362 populo
443 2293 564 2347 Romano
581 2293 773 2360 sollicitabunt,
797 2310 814 2348 a
831 2293 929 2363 populo
946 2294 1068 2348 Romano
1085 2293 1209 2360 descivit,
1235 2293 1282 2348 sed

206 2362 277 2417 hello
285 2361 415 2417 adveraus
427 2360 673 2430 Philopoemenem,
689 2362 867 2417 Achaeorum
880 2367 1041 2430 praetorem,
1061 2367 1140 2430 gesto
1149 2361 1183 2416 ab
1195 2362 1282 2416 Aeto·

207 2429 242 2484 lis
260 2429 421 2485 interiectus
439 2436 490 2485 est.
526 2429 615 2484 Aetoli
637 2445 743 2498 quoque
765 2431 801 2484 ah
822 2429 944 2484 amicitia
962 2430 1058 2510 populi
1076 2429 1191 2484 Romani
1208 2428 1282 2483 deie-

208 2506 311 2555 cerunt.
333 2513 395 2554 cum
416 2498 459 2553 his
470 2496 601 2553 societate
618 2497 715 2554 iuncta
725 2497 891 2566 Antiochus,
908 2497 1003 2567 Syriae
1014 2513 1071 2565 rex,
1088 2497 1187 2553 bellum
1199 2497 1282 2553 Grae

208 2569 265 2622 ciac
277 2582 339 2622 cum
355 2567 504 2630 intulisset,
521 2566 673 2636 complures
690 2568 770 2623 urbes
788 2566 939 2637 occupavit,
958 2566 1030 2623 inter
1046 2582 1113 2635 quas
1126 2565 1283 2621 Chalcidem
1305 2566 1335 2615 20

207 2641 238 2692 et
254 2642 341 2691 totam
353 2635 499 2690 Euboeam.
534 2652 577 2690 rea
594 2642 737 2716 praeterea
753 2636 782 2690 iu
795 2634 943 2705 Liguribus
961 2641 1054 2704 gestas
1071 2643 1101 2690 et
1118 2640 1281 2704 apparatum

207 2704 309 2759 bellum
327 2705 361 2758 ab
379 2703 513 2759 Antiocho
530 2709 660 2759 continet

652 2878 698 2953 Τ.
726 2878 835 2953 LlVl

303 3018 355 3075 xii
378 3016 483 3075 vireu
506 3015 685 3077 couniri
707 3015 815 3074 sinin
838 3015 965 3074 xxxvi
988 3014 1197 3076 rsiiiooim.

200 2152 209 2174 d

280 3146 389 3201 Acilius
408 3145 518 3201 Glabrio
536 3146 629 3201 consul
642 3145 807 3225 Antiochum
825 3144 860 3198 ad
873 3144 1067 3213 Thermopylas
1078 3144 1203 3266 Philipplo
1222 3160 1286 3212 rege

211 3215 360 3269 adiuvante
377 3215 481 3269 victum
498 3214 613 3269 Graecia
630 3229 664 3267 ex
683 3213 737 3268 ulit
755 3213 881 3280 idemque
894 3212 1005 3267 Aetolos
1023 3212 1143 3281 subegit.
1204 3213 1287 3266 .Cor·

210 3284 299 3338 ueliua
311 3283 399 3352 Scipio
411 3282 511 3337 Nasica
522 3282 615 3337 consul
627 3230 721 3337 aedem
729 3280 829 3363 ,matris
841 3281 931 3344 deum,
943 3295 1025 3361 quam
1037 3280 1095 3361 ipse
1107 3281 1136 3334 iu
1148 3279 1287 3362 Palatium
1310 3289 1340 3339 25

211 3352 345 3406 intulerat
370 3352 413 3406 vir
439 3351 558 3420 optimus
576 3367 593 3405 a
611 3357 709 3405 senatu
727 3350 865 3404 iudicatus
900 3348 1039 3403 dedicavit
1064 3348 1189 3415 idemque
1207 3350 1287 3403 Boios

209 3420 302 3475 Gallos
328 3420 414 3474 victos
440 3420 469 3474 iu
487 3420 651 3474 deditionem
668 3418 788 3487 aceepit;
814 3416 847 3471 de
865 3388 908 3470 his
926 3416 1130 3498 triumphavit..
1146 3424 1288 3497 praeterea

209 3488 321 3610 patalia
348 3488 496 3543 certamina
523 3503 651 3556 prospera
676 3488 807 3541 adversus
834 3484 985 3553 praefectos
1003 3485 1131 3539 Antiochi
1155 3502 1229 3555 regis
1247 3501 1287 3539 re·

222 3563 344 3611 eruutnr.
1124 3573 1126 3576 ·

280 3710 555 3776 Abweichnngcu
578 3726 648 3763 voni
666 3709 753 3762 Text
769 3707 828 3761 der
845 3705 1036 3761 Jahiischeu
1055 3708 1219 3775 Ausgabe.

585 3775 733 3846 (Lipsiae
750 3781 912 3838 nocuum).

281 3884 311 3932 16
330 3879 449 3944 dcccvii,
466 3879 521 3942 eed]
541 3879 609 3959 HG}
633 3877 776 3932 deaciciaac
794 3881 820 3931 ct
835 3877 869 3944 N,
886 3876 981 3957 (cum)
994 3916 1001 3929 .
1013 3918 1018 3930 .
1032 3877 1186 3933 deeoiviaaet
1205 3879 1288 3934 Jahn.

211 3979 243 3985 —
264 3953 302 4001 ti.
321 3948 565 4016 Philopoemenem]
583 3948 628 4001 die
645 3948 686 4001 ed.
699 3947 836 4015 princeps;
853 3946 1074 4016 philopoemena
1091 3946 1134 4000 die
1153 3947 1214 4001 Hae.
1233 3946 1287 4000 uud

209 4015 292 4070 Jahn.
310 4048 343 4055 —
364 4023 402 4072 19.
421 4015 464 4069 hie
489 4016 572 4070 hinzu
610 4016 675 4083 suigt
699 4014 769 4069 uach
799 4014 825 4068 li
848 4054 855 4067 .
882 4015 944 4081 (iia).
963 4044 997 4052 -
1015 4018 1056 4068 22.
1079 4014 1221 4069 ciimhiuz
1278 4044 1288 4053 ·

210 4084 570 4207 &nmiliMss-Jff'be
593 4031 964 4148 nm1lloflbach;{cllidic
994 4082 1166 4136 llis-2¹1.
1187 4031 1287 4145 deu&

265 4168 303 4214 ς(
351 4173 365 4208 e
399 4171 424 4207 ie
464 4170 525 4206 aii.
