3092 5050
184 560 262 603 aaut.
276 571 298 601 ιι
312 560 357 602 rar.
528 539 624 594 uum
639 541 739 595 xxxo
773 541 844 596 GAP.
862 543 904 596 38.
1192 539 1251 600 tta

183 716 399 779 mnuahendas
412 716 504 789 vires,
519 717 646 778 maxime
661 716 698 777 de
713 717 840 778 Achaiae
860 714 1001 789 urbibus,
1023 717 1154 794 regionis
1168 718 1205 780 ab
1220 737 1252 780 se

183 803 323 876 dicem,
345 810 375 862 ct
389 801 482 879 mag'm
503 809 602 862 tamen
625 803 662 862 de
675 803 762 880 Argis
787 819 876 880 quam
890 801 927 862 dc
943 801 1086 863 Corintho
1101 801 1252 877 sollicitus,
1274 815 1290 864 a

182 887 325 968 optimum
340 895 422 947 ratna
430 885 535 947 Nabidi
547 905 611 948 eam
623 885 926 948 Lacedaemoniorum
942 896 1069 967 tyranno
1084 887 1164 948 velut
1177 889 1252 949 lidu-

181 973 297 1034 ciariam
312 971 392 1046 dare,
407 981 441 1032 ut
454 972 559 1032 victori
572 971 629 1032 sihi
640 972 824 1046 restitueret,
839 972 864 1034 si
880 973 949 1052 quid
970 972 1082 1034 adversi
1098 973 1253 1034 accidisset

182 1059 242 1137 ipsc
254 1057 388 1130 haberet,
403 1056 537 1129 Philocli,
552 1056 604 1135 qui
616 1056 760 1118 Corintho
772 1058 919 1137 Argisque
933 1065 1077 1137 praeerat,
1092 1056 1204 1132 scribit,
1220 1068 1253 1118 ut

182 1154 339 1223 tyrannm
352 1143 417 1222 ipso
430 1142 614 1203 conveniret
644 1141 801 1214 Philocles,
816 1143 1117 1222 praeterquamquod
1131 1143 1189 1203 iam
1204 1161 1253 1204 vc·
1274 1153 1290 1202 a

181 1228 280 1290 aiehm
292 1245 363 1290 cum
376 1245 517 1299 munere,
532 1226 635 1299 adicit,
656 1228 691 1287 ad
707 1227 817 1306 pignus
831 1228 948 1289 loturae
963 1230 1026 1307 regi
1041 1246 1109 1288 curn
1124 1238 1252 1307 tyranno

180 1313 337 1384 amicitiae,
360 1312 434 1374 filias
447 1330 516 1373 suas
529 1329 632 1391 regem
645 1311 767 1374 Nabidis
782 1311 849 1373 liliis
863 1313 1052 1374 matrimonio
1068 1313 1252 1392 coniungere

179 1399 260 1460 rollo.
298 1407 443 1478 tyrannos
455 1396 555 1476 primo
570 1415 680 1476 negare
695 1397 781 1459 aliter
800 1398 905 1458 urbem
921 1416 985 1460 eam
1006 1417 1038 1458 se
1053 1406 1253 1477 accepturum,
1275 1408 1290 1459 4

179 1485 233 1545 nisi
247 1484 425 1562 Argivorum
439 1483 574 1561 ipsomm
588 1481 708 1543 decreto
722 1483 883 1544 accersitus
897 1483 933 1544 ad
952 1483 1092 1544 auxilium
1107 1481 1191 1544 urhis
1205 1501 1252 1543 es-

178 1578 229 1643 set,
244 1567 364 1641 deinde,
380 1577 412 1627 ut
425 1568 576 1646 frequenti
590 1567 732 1629 contione
746 1587 808 1628 non
823 1577 997 1647 aspernatos
1010 1568 1100 1629 modo
1115 1568 1167 1628 sed
1181 1567 1253 1627 abo·
1274 1577 1291 1627 5

179 1654 307 1715 minatus
320 1652 411 1713 etiam
430 1671 543 1713 nomen
558 1654 678 1732 tyranni
692 1653 816 1728 auilirit,
838 1671 957 1715 causam
978 1673 1009 1716 se
1033 1652 1179 1732 spoliandi
1200 1670 1251 1714 eos

178 1748 301 1800 nactmu
315 1746 398 1799 ratos
410 1737 542 1811 tradere,
564 1737 617 1798 uhi
629 1738 732 1813 vellet,
751 1738 857 1799 urbem
873 1739 1025 1801 Philoclen
1040 1737 1134 1800 iussit
1165 1745 1252 1798 nocte
1272 1747 1289 1798 o

179 1823 290 1902 ignaris
305 1821 447 1884 omnihus
460 1831 601 1901 acceptos
614 1823 645 1883 in
661 1823 767 1885 urbem
779 1832 823 1885 est
835 1834 993 1903 tyrannus;
1010 1824 1106 1904 prima
1121 1823 1187 1884 luce
1202 1840 1253 1883 oc·

177 1918 285 1989 cupata
299 1908 399 1969 omnia
419 1907 572 1988 superiora
592 1908 657 1969 loca
676 1919 839 1988 portaeque
854 1910 979 1972 clausae.
1015 1909 1119 1988 paucis
1138 1906 1253 1987 princi-
1274 1917 1290 1968 t

176 2013 249 2073 pum
264 1994 346 2054 inter
361 1993 491 2071 primum
506 1993 664 2054 tumultum
680 1994 802 2074 elapsis,
821 2013 924 2056 eorum
940 1995 1107 2057 absentium
1122 1995 1253 2073 direptae

177 2079 331 2154 iortunae;
346 2076 555 2157 praesentibus
568 2097 674 2140 aurum
689 2090 777 2159 atque
789 2088 946 2158 argentum
957 2080 1095 2152 ablatum,
1108 2078 1253 2158 pecuniae

176 2165 339 2244 imperatae
355 2164 500 2241 ingentes.
538 2163 666 2242 quinon
683 2174 860 2225 cunctanter
880 2165 1044 2237 contulere,
1068 2163 1131 2224 sine
1147 2172 1253 2224 contu·
1274 2172 1290 2223 8

211 2319 234 2366 1.
259 2314 383 2364 Achaim
398 2315 520 2375 widhar]
538 2315 624 2366 autcer
641 2313 690 2366 den
740 2329 807 2366 uror
824 2316 949 2379 receptio.
974 2339 1008 2350 -
1029 2314 1134 2375 aleton]
1152 2313 1198 2364 das
1216 2311 1254 2363 lo-

178 2382 232 2434 hier
248 2380 401 2433 mihntm
423 2381 489 2432 auch
511 2380 566 2445 dic,
591 2381 691 2434 welche
741 2382 830 2449 qische
846 2379 990 2432 vnuattnts
1008 2381 1042 2432 ist
1061 2393 1107 2431 ans
1118 2383 1143 2431 si
1155 2381 1252 2447 quid..

176 2448 612 2515 &immund-dicerene]
625 2451 690 2502 nach
741 2467 773 2502 au
791 2449 928 2502 crhennen.

175 2519 248 2571 einer
275 2517 373 2570 andern
394 2516 619 2604 Himeloqeqend
646 2534 691 2585 ge-
776 2522 799 2573 3.
810 2519 905 2582 adicit]
915 2517 1012 2571 lenate
1022 2515 1089 2569 ohne
1099 2517 1179 2567 etiam
1187 2513 1253 2566 nach

176 2587 265 2652 legen,
281 2608 316 2631 ι-
332 2582 399 2638 ‘lem
416 2586 519 2652 lieqend
543 2607 549 2647 ς
567 2586 620 2652 vgl.
638 2587 691 2638 (lic.
739 2592 930 2654 materquam
943 2586 1077 2651 eintreten,
1089 2583 1121 2635 da
1134 2583 1253 2636 eseelhst

175 2654 209 2707 dc
233 2656 297 2720 imp.
315 2653 405 2721 Pomp.
423 2658 469 2707 4οε
495 2671 531 2706 aa
552 2656 618 2706 locis
634 2658 691 2705 taor
741 2654 951 2722 denBeqrilfder
960 2651 1253 2719 Vermehrunycnthilc

176 2725 337 2788 lominquir
353 2728 460 2789 umque
478 2722 605 2782 diam
630 2740 647 2775 a
663 2738 692 2773 se
741 2753 775 2763 -
793 2724 830 2775 od
844 2726 956 2791 pigner]
971 2723 1064 2789 yehdrt
1075 2736 1132 2773 anm
1145 2718 1255 2785 Folgen-

176 2792 211 2843 ist
222 2790 290 2843 lam
302 2796 401 2856 μοιβ,
418 2790 470 2842 wie
481 2790 522 2843 olt
539 2792 565 2842 in
576 2789 692 2857 Verqlci·
742 2792 803 2850 den;
824 2816 859 2838 -.=
875 2797 907 2843 ut
924 2796 991 2843 creat
1003 2794 1120 2858 pignum
1138 2804 1158 2840 a.
1176 2790 1254 2853 1.,31,

176 2859 313 2925 chungcm
331 2873 351 2909 o.
370 2862 395 2923 1,
415 2861 454 2924 13,
473 2861 496 2911 8.
743 2863 771 2920 6;
797 2862 822 2924 3,
840 2864 881 2925 33,
899 2864 928 2921 4ς
956 2863 998 2925 21,
1018 2863 1056 2922 10,
1078 2860 1120 2909 li:
1144 2856 1181 2907 ad
1193 2858 1255 2921 pio·

208 2931 236 2982 2.
254 2931 283 2977 et
294 2929 382 2991 nugis
393 2930 492 2989 tomen]
505 2926 558 2993 rql.
571 2930 612 2991 33,
624 2930 649 2988 4,
662 2930 690 2988 1;
743 2928 847 2989 culum
867 2930 908 2991 at,
926 2932 967 2993 30,
985 2933 1014 2988 5;
1034 2930 1075 2989 tt,
1094 2928 1136 2988 33,
1154 2927 1181 2975 l:
1206 2938 1255 2973 nco

174 2993 692 3048 auttdeeeiniachenhonaecsireuVer·
743 3001 798 3046 tarn
815 3000 845 3047 in
861 3000 962 3062 pignus
984 2996 1049 3058 fidei
1067 2991 1254 3043 33313333οεί-

175 3064 320 3116 tarnim
341 3065 469 3124 (mmm
487 3064 692 3128 quinimmo·
743 3064 845 3125 der-ath
863 3068 905 3127 43,
919 3067 942 3127 3,
956 3066 985 3123 3;
1007 3058 1122 3126 hinfiqer
1139 3058 1209 3111 steht
1225 3071 1256 3109 eo

171 3132 332 3197 gum)
350 3131 386 3182 iat
398 3130 444 3182 der
455 3129 598 3197 deponsata
611 3130 692 3183 durch
743 3132 811 3184 ohne
830 3130 991 3199 Pripoaition
1010 3129 1049 3182 als
1066 3126 1228 3195 Apposition.

174 3206 204 3250 et
221 3214 273 3252 nur
289 3198 470 3264 beigeordnet3
487 3200 552 3250 dher
569 3197 611 3251 die
626 3199 693 3251 Stei-
778 3205 803 3251 4.
825 3215 926 3265 negare
948 3200 1028 3250 aliter
1046 3237 1052 3250 .
1072 3234 1079 3249 .
1097 3198 1159 3258 nio]
1183 3208 1204 3247 s.
1222 3208 1255 3245 au

173 3265 692 3401 inauratarum
743 3270 960 3398 ditatu
975 3261 1257 3399 terrane

174 3402 692 3471 ainlurbemercynesiuauldrgos
744 3403 859 3455 wahren.
885 3431 919 3441 -
946 3402 983 3453 od
1008 3402 1151 3463 comitum]
1178 3396 1255 3450 nant.

173 3474 306 3539 mosem
314 3471 439 3534 -ootary
452 3470 512 3522 weil
520 3470 693 3532 fiduciariam
745 3486 829 3539 qegen
841 3470 942 3523 Achier
957 3470 1010 3523 und
1022 3469 1126 3529 Romen
1146 3484 1166 3520 s.
1179 3468 1255 3537 40,1.

173 3556 229 3593 von
250 3538 420 3605 juristischen
439 3537 632 3591 Verlriltnisren
649 3538 696 3591 aul
780 3542 804 3592 6.
822 3542 963 3606 superiora
982 3536 1052 3606 mcc]
1070 3554 1091 3590 a.
1110 3540 1152 3601 25,
1169 3538 1193 3586 5.

231 3608 319 3660 tiaelre
339 3606 493 3673 hhfluagen
510 3608 557 3666 ist;
578 3632 613 3652 ιι
637 3608 694 3659 eine
780 3612 804 3660 ’1.
827 3610 924 3673 paucio
947 3606 1122 3674 principum*
1149 3603 1189 3653 elo
1208 3596 1255 3667 ris]

210 3676 277 3740 che,
295 3674 338 3727 «lie
360 3675 407 3726 ani
422 3673 490 3728 'l'reu
508 3674 561 3726 und
579 3673 695 3727 Glanhen
746 3676 809 3727 dher
826 3676 876 3728 den
893 3675 952 3727 abt.
964 3677 1018 3729 ahs
1037 3674 1084 3727 rnit
1101 3672 1170 3724 Part.
1186 3618 1255 3722 Peri.

173 3746 264 3796 einen
282 3748 432 3794 ravennat
448 3742 526 3808 wird,
546 3758 590 3795 nm
607 3744 645 3795 ote
663 3758 695 3794 cn
745 3743 808 3811 liep.
822 3759 842 3797 s.
855 3758 887 3795 zu
899 3748 924 3809 4,
937 3748 978 3809 33,
992 3748 1015 3797 1.
1028 3772 1061 3785 -
1073 3739 1176 3807 eorum]
1189 3736 1256 3789 neela

173 3813 320 3879 gelonem
330 3810 450 3863 aciemn
462 3811 515 3863 ihm
527 3811 696 3864 wiederancr·
746 3811 804 3864 dem
816 3812 874 3864 abl.
887 3813 941 3864 aha.
950 3816 1063 3879 prame.
1074 3851 1080 3863 .
1090 3810 1195 3877 elapsis,
1212 3820 1257 3857 um

173 3880 281 3940 holtem
299 3893 321 3930 a
332 3878 412 3930 Gaios
424 3881 449 3942 2,
460 3883 507 3932 co:
522 3894 582 3931 cum
593 3878 696 3942 fiducia
747 3879 797 3931 den
815 3880 1033 3933 Zusammenstols
1057 3895 1089 3931 au
1111 3877 1191 3930 violer
1207 3874 1257 3926 Ge·

174 3949 355 4000 mmm
364 3952 415 3997 out
426 3962 486 3997 con
497 3948 640 4014 credam,
653 3952 697 4014 pi-
748 3948 836 4001 netire
853 3963 885 4000 au
903 3949 1016 4011 atriden,
1035 3964 1055 4001 a.
1074 3964 1105 3999 au
1124 3950 1165 4009 31,
1177 3945 1218 4006 lh,
1232 3944 1257 3993 4.

171 4018 278 4081 gnatia
291 4017 362 4079 iare,
379 4020 428 4065 out
438 4031 499 4066 cum
511 4020 607 4080 amieo,
626 4016 699 4082 qued
748 4044 782 4055 -
795 4018 923 4083 direptae]
937 4018 975 4069 aie
984 4017 1090 4069 worden
1099 4011 1256 4067 houhsciert.

175 4086 441 4135 mamam
452 4085 696 4151 manassent,
739 4112 782 4146 ,-
800 4089 1092 4151 cucumarffentuml
1110 4081 1187 4136 Gold-
1205 4074 1258 4130 oud

172 4156 202 4203 a·
216 4152 328 4218 quidm
339 4166 400 4202 cam
411 4155 498 4203 eurico
511 4157 650 4204 mavorte
660 4155 699 4203 eit
749 4151 928 4219 Silhergerite.
946 4182 980 4193 -—
995 4157 1127 4219 pecuniae
1144 4154 1258 4214 impar-a·

172 4220 264 4284 tideo,
287 4235 353 4271 rane
379 4224 453 4270 carni
476 4222 556 4273 modo
578 4224 698 4287 conperit
749 4223 801 4283 tae]
819 4219 880 4273 dh.
898 4234 927 4273 es
945 4222 1033 4275 warde
1051 4214 1258 4274 einellontrihu·
