3092 5050
180 676 201 705 ι
216 664 265 707 cns.
280 675 300 704 n
316 663 361 705 tae.
488 646 582 700 LIBER
600 647 709 702 xllltlll.
744 648 816 703 GAP.
834 651 876 703 tr.
894 651 936 705 49.
1214 648 1255 710 49

181 818 347 900 praesentia
368 818 398 880 bi
421 818 499 899 pessi
515 828 545 882 et
560 821 590 881 in
614 822 746 883 luturum
761 821 851 884 etiam
872 831 984 885 metum
1006 831 1166 903 ceperunt:
1188 841 1256 887 cum

180 902 339 984 adportas
361 922 455 985 prope
476 905 597 967 sedente
619 906 747 969 exercitu
764 905 898 970 Romano
920 906 1092 980 estiment,
1115 908 1255 988 quidnam

180 1007 212 1049 se
234 989 367 1051 futurum
386 1007 450 1050 esse
471 989 612 1069 proiectis
633 991 662 1052 in
678 990 789 1052 ltaliam
810 990 961 1066 Romanis,
975 990 1113 1073 Philippo
1135 1010 1169 1054 ex
1185 1012 1256 1073 pro·
1278 1004 1304 1056 lt

180 1073 295 1154 pinquo
317 1073 415 1135 socios
436 1073 590 1136 adiuvante
612 1084 641 1137 et
656 1075 764 1141 infesto
780 1076 831 1151 iis,
854 1076 904 1157 qui
920 1076 1011 1157 partis
1031 1077 1167 1139 adversae
1182 1079 1254 1143 luis·

179 1155 270 1221 senti
307 1159 376 1221 dum
399 1157 530 1221 Romana
552 1178 630 1221 arma
645 1162 676 1223 in
693 1162 863 1243 propinquo
885 1162 1042 1235 baberent,
1065 1160 1168 1225 tollere
1184 1162 1254 1226 llra·
1267 1169 1305 1225 23

179 1242 324 1323 elumbem,
345 1243 511 1324 principem
536 1246 683 1308 lautorum
700 1248 793 1325 regis,
815 1255 993 1309 statuerunt.
1023 1259 1052 1307 et
1072 1256 1204 1328 tempore
1219 1249 1255 1310 ad
1277 1259 1291 1309 2

179 1345 244 1390 eam
264 1346 326 1391 rem
349 1339 451 1409 capto,
477 1347 545 1391 cum
566 1330 596 1391 in
617 1330 736 1411 publico
758 1331 895 1412 epulatus
916 1340 1112 1395 reverteretur
1133 1332 1254 1395 domum

179 1412 361 1475 temulentus
376 1413 626 1494 prosequentibus
640 1414 780 1478 mollibus
794 1417 873 1490 viris,
889 1416 940 1496 qui
952 1416 1010 1479 ioci
1021 1434 1108 1479 cansa
1120 1417 1254 1485 conririo
1275 1426 1290 1475 a

179 1497 291 1561 celebri
306 1498 509 1572 interfuerant,
525 1499 561 1561 ab
576 1518 625 1561 sex
641 1501 769 1573 mutatis,
789 1519 915 1582 quorum
931 1510 991 1563 tres
1005 1499 1107 1575 Italici,
1124 1513 1182 1563 tres
1197 1504 1253 1565 ile·

178 1581 231 1645 toli
254 1594 353 1656 erant,
376 1583 592 1646 circumventus
613 1585 766 1647 occiditur.
806 1587 873 1665 luga
893 1585 1033 1647 comitum
1055 1594 1084 1646 et
1105 1585 1253 1665 quiritatio

178 1666 253 1731 lacta
269 1677 300 1729 et
315 1667 459 1730 tumultus
474 1688 527 1749 per
537 1678 627 1733 totam
642 1669 745 1733 urbem
756 1671 985 1733 discurrentium
997 1688 1065 1733 cum
1076 1669 1252 1747 luminibus;

178 1770 371 1834 percussores
385 1753 517 1834 proxima
533 1763 617 1834 porta
629 1765 793 1817 eraserunt.
818 1754 885 1817 luce
897 1755 991 1836 prima
1003 1755 1104 1816 contio
1115 1754 1255 1835 frequens
1274 1766 1289 1815 4

178 1836 258 1901 reiut
272 1856 307 1901 ex
321 1848 391 1901 ante
405 1838 516 1900 indicto
528 1848 579 1901 aut
589 1858 661 1902 uoce
672 1840 829 1920 praeconis
839 1849 999 1902 convocata
1013 1841 1041 1901 in
1056 1840 1170 1905 theatro
1181 1849 1251 1904 erat.

177 1922 275 2004 palam
296 1921 333 1987 ab
356 1940 411 1985 suo
432 1924 572 1985 comitatu
595 1934 625 1986 et
646 1924 784 1988 obscenis
806 1923 864 1986 illis
885 1924 956 1987 viris
976 1923 1141 1987 tremebant
1161 1924 1252 1989 inter·
1274 1935 1288 1983 o

177 2008 305 2082 lectum,
328 2008 435 2071 animis
449 2018 546 2070 autem
563 2007 651 2072 Zeuxi
675 2027 746 2090 pum
767 2019 916 2072 auctorem
939 2009 1123 2073 destinabant
1145 2010 1251 2073 caedis.

176 2092 207 2154 in
224 2091 389 2174 praesentia
406 2092 517 2173 placuit
533 2030 744 2175 compressendi
761 2113 828 2168 eos,
845 2095 894 2175 qui
910 2094 998 2155 simul
1013 2094 1147 2169 luissent,
1164 2113 1253 2175 quae·
1274 2106 1289 2155 o

175 2177 364 2258 stionemque
379 2195 413 2240 ex
430 2177 465 2238 iis
480 2177 590 2241 baberi.
625 2180 761 2260 quidum
778 2189 976 2260 quaeruntur,
998 2177 1166 2260 Zeuxippus
1182 2198 1253 2243 eon·
1275 2191 1290 2239 t

175 2262 265 2325 clami
286 2263 384 2325 animo
405 2263 555 2325 avertendi
576 2263 613 2325 ab
628 2284 660 2325 se
681 2264 813 2327 criminis
834 2283 921 2327 causa
942 2263 970 2325 io
994 2264 1164 2325 contionem
1181 2283 1250 2345 pro·

174 2365 296 2427 gressum
317 2365 414 2411 errare
429 2347 467 2409 ait
490 2349 641 2423 homines,
663 2350 714 2429 qui
733 2359 792 2410 tam
811 2358 940 2409 atrocem
963 2347 1080 2409 medem
1104 2349 1252 2427 pertinere

174 2432 210 2493 ad
227 2430 294 2493 illos
309 2432 461 2493 semiviros
476 2434 642 2506 crederent,
658 2434 808 2514 multaque
823 2433 854 2494 in
870 2451 932 2493 eam
950 2441 1062 2513 partem
1078 2431 1253 2512 pobabiliter
1273 2444 1288 2494 8

174 2527 406 2596 argumentatus,
422 2517 530 2599 quibus
545 2519 631 2580 lldem
647 2519 725 2600 apud
736 2518 877 2600 quosdam
892 2516 960 2578 lecit
972 2535 1143 2597 numquam,
1159 2516 1183 2577 si
1196 2516 1250 2578 sibi

174 2603 316 2666 conscius
332 2613 423 2677 esset,
446 2603 613 2666 oblaturum
628 2623 660 2665 se
676 2603 858 2666 multitudini
875 2602 1091 2664 mentionemve
1107 2602 1170 2662 eius
1185 2619 1250 2663 cae·

173 2686 219 2749 dis
235 2687 319 2749 nullo
335 2686 497 2749 lacessente
513 2689 659 2750 lucturum
675 2689 782 2763 luisse;
805 2689 852 2750 alii
877 2707 937 2750 non
954 2687 1088 2750 dubitare
1103 2687 1249 2768 inpuden·
1272 2700 1287 2749 9

172 2821 309 2882 faturum]
334 2819 387 2886 egl.
405 2823 428 2884 6,
441 2824 465 2881 ἵ,
478 2824 524 2880 22;
548 2819 627 2874 lustin
648 2824 687 2885 44,
739 2819 852 2873 Verbum
874 2823 1009 2887 quiritans
1032 2819 1076 2871 bat
1094 2819 1147 2872 Lir.
1168 2822 1208 2885 39,
1227 2823 1250 2884 8,

175 2895 198 2952 4,
213 2891 244 2943 43
264 2902 339 2948 ιι.ι.;
358 2888 409 2953 rgl.
427 2888 481 2942 liv.
499 2891 541 2953 30,
559 2893 598 2951 44,
613 2892 635 2941 4.
654 2918 686 2927 -
739 2891 764 2943 6.
784 2891 828 2955 40,
847 2892 875 2953 4,
903 2888 969 2942 auch
994 2903 1045 2939 son
1073 2887 1250 2940 llichtrdmern

171 2972 224 3024 pra
244 2959 267 3020 a]
286 2955 379 3023 gebbrt
397 2972 428 3008 ιιι
447 2956 505 3009 dem
523 2971 621 3024 gansen
640 2956 687 3008 Be·
738 2957 790 3009 wie
808 2961 849 3022 40,
867 2958 897 3020 9,
915 2960 944 3017 ’4,
968 2972 999 3008 ιιι
1016 2955 1092 3016 faeta
1110 2956 1162 3022 egl.
1184 2958 1208 3016 8,
1226 2958 1250 3020 9,

174 3025 211 3092 gri
233 3024 296 3076 ead
304 3025 548 3090 portaueran-
559 3025 687 3090 quidnam
741 3027 781 3078 42.
798 3054 830 3062 -
848 3027 975 3090 pron-ima
992 3026 1082 3091 porta]
1100 3039 1120 3075 s.
1139 3026 1180 3086 26,
1193 3029 1216 3076 9.

173 3094 289 3155 ..mall
301 3091 579 3158 unabbingigelrage.
592 3092 623 3144 da
636 3108 688 3143 me·
773 3097 798 3143 4.
817 3093 889 3143 uelut
905 3109 940 3142 aa
951 3097 1016 3143 ante
1032 3092 1143 3153 isrdieto]
1162 3089 1213 3157 rgl.
1227 3094 1251 3155 0,

174 3160 485 3226 memnuntabsolut
501 3161 687 3221 mellentinum
739 3163 763 3213 6.
782 3188 815 3197 -
833 3165 881 3210 ant
899 3176 960 3209 onas
976 3159 1128 3224 praeconis]
1153 3158 1203 3209 wie
1225 3159 1249 3208 in

172 3228 224 3296 apl
238 3230 281 3292 34,
294 3230 334 3292 44,
346 3232 375 3288 6;
388 3228 488 3281 tibersa
498 3227 623 3289 futurum
634 3245 688 3278 esse
740 3227 805 3279 Rom
819 3226 860 3279 die
873 3224 1178 3291 Volksversammlungen
1197 3231 1252 3276 ent-

173 3311 195 3348 ι.
211 3311 247 3350 ιιι
264 3299 308 3360 45,
321 3297 363 3358 39,
375 3299 400 3348 4.
740 3294 826 3347 weder
835 3293 914 3347 durch
922 3293 962 3346 ein
971 3292 1047 3344 Edilrt
1057 3291 1251 3359 angesagtoder

208 3367 250 3418 44.
273 3364 428 3426 adiuuante]
454 3362 517 3415 wird
540 3362 620 3415 durch
643 3362 687 3424 fu·
738 3362 817 3414 durch
830 3362 904 3413 einen
918 3360 998 3413 Prisco
1010 3359 1116 3412 beruien
1129 3359 1250 3420 worden;

174 3437 267 3484 mss
279 3432 319 3483 als
333 3432 359 3482 in
378 3431 419 3483 die
432 3431 544 3483 Zukunlt
556 3431 687 3496 gebdrend
738 3445 760 3482 s.
773 3430 838 3483 Geli.
852 3433 892 3488 45,
905 3433 945 3481 tr.
960 3458 992 3467 -
1003 3432 1031 3479 ιἰι
1046 3430 1160 3491 tleatro]
1175 3445 1195 3480 s.
1209 3431 1250 3495 24,

172 3499 335 3562 Meliust,
353 3522 386 3543 ι-
403 3503 428 3550 si
438 3500 620 3554 ..adiuuaret
739 3501 781 3561 39,
799 3505 818 3549 4.

205 3565 271 3624 28!
283 3569 309 3620 2.
318 3570 346 3618 ιἰι
351 3569 462 3633 publico
472 3567 689 3633 epulatuslnaeb·
773 3571 797 3619 5.
825 3567 983 3617 obscenis..
1000 3562 1076 3631 uiris]
1103 3564 1154 3632 egl.
1178 3565 1195 3632 §
1220 3566 1249 3624 2;

173 3633 231 3690 dem
244 3651 274 3688 er
284 3635 369 3688 einem
383 3635 428 3687 aul
439 3633 618 3687 Staatslrosten
632 3650 688 3687 rer·
739 3632 802 3687 Sall.
821 3632 874 3699 lug.
893 3635 934 3695 65,
947 3634 993 3685 ll:
1017 3636 1165 3699 turpissimi
1187 3635 1249 3685 oiri.

173 3701 687 3768 sulslletenblsblebeiqewobntbatte.
740 3701 811 3753 nicbt
830 3702 955 3751 docrinas.
974 3729 1006 3737 -
1025 3701 1204 3762 destinabant]
1229 3716 1249 3751 s.

174 3799 208 3812 -
223 3772 429 3835 unumst]
453 3772 515 3824 tiber
532 3770 574 3823 die
593 3770 688 3823 Sitten·
740 3772 764 3834 9,
785 3772 824 3828 46,
846 3771 889 3827 49;
908 3768 961 3834 egl.
979 3784 1011 3820 zu
1029 3773 1070 3831 43,
1089 3772 1113 3826 l.
1133 3771 1155 3820 3.

173 3839 298 3909 4οῷεο
311 3838 357 3892 der
365 3837 460 3891 Booten
469 3855 489 3891 s.
500 3841 542 3904 36,
553 3842 578 3901 6,
588 3842 616 3900 2,
632 3837 688 3890 Pol.
774 3840 799 3890 6.
816 3840 845 3887 in
854 3831 1085 3903 praesentia1‘ror
1097 3835 1141 3888 der
1153 3829 1249 3895 lland';

172 3911 213 3972 20,
225 3912 254 3976 4,
266 3911 296 3968 o;
316 3904 390 3959 bime.
403 3906 454 3960 ltu.
475 3909 508 3971 ll,
521 3908 579 3960 699.
741 3921 762 3958 s.
780 3920 812 3957 su
831 3909 873 3967 40,
891 3907 932 3967 24,
954 3907 992 3957 44.

206 3978 231 4030 3.
264 3979 319 4028 iasa·
343 3977 432 4037 eausa]
463 3974 594 4027 rielleiebt
624 3974 688 4026 naclr
775 3976 799 4026 6.
819 3975 1030 4039 argumentatus,
1048 3972 1190 4037 quibus..]
1206 3970 1251 4022 der

173 4043 219 4098 us.
238 4043 310 4097 rest
327 4046 357 4107 4,
375 4045 426 4097 869
449 4057 480 4094 zu
504 4042 630 4097 erlliren.
654 4070 687 4081 -
740 4040 924 4094 Schriltsteller
948 4041 981 4091 ist
1008 4054 1054 4091 aus
1078 4038 1122 4090 der
1146 4037 1249 4090 lionstr.

170 4113 241 4180 lits·
252 4149 260 4164 .
271 4115 288 4175 .]
301 4110 353 4176 agl.
366 4113 437 4174 4,48,
448 4114 472 4163 4.
490 4140 522 4149 -
536 4114 687 4177 quiritatio]
739 4109 850 4176 gelallen
860 4130 865 4166 ;
875 4124 932 4160 sau
945 4110 1007 4173 42,3
1017 4128 1022 4166 ;
1033 4105 1164 4158 entweder
1174 4107 1249 4159 sollte

172 4181 275 4234 subsint
293 4178 348 4232 siclt
361 4184 434 4230 const
448 4179 519 4230 nicbt
536 4195 568 4231 zu
586 4177 686 4237 linden;
740 4180 835 4244 quibus
861 4176 946 4228 leblen
971 4174 1032 4228 oder
1056 4189 1084 4226 es
1108 4180 1147 4224 eet
1169 4189 1249 4237 argir-

172 4251 325 4316 wactas
364 4245 487 4300 ebraucbt
511 4245 577 4298 Plin.
598 4245 644 4314 Ep.
663 4249 688 4311 6,
739 4249 875 4296 mentales
900 4244 1007 4296 helicen.
1025 4272 1056 4280 —
1075 4241 1152 4302 fidem
1177 4241 1250 4305 aprrd

171 4319 213 4380 44,
227 4321 260 4372 44
279 4313 333 4368 und
346 4261 466 4368 isterius
484 4312 623 4374 blaximus;
642 4314 688 4366 das
740 4314 869 4380 quosdam
887 4311 962 4373 feeit]
981 4328 1002 4363 s.
1021 4313 1062 4372 34,
1079 4315 1103 4361 9.

222 4407 248 4452 Τ.
259 4405 307 4451 Lls.
317 4403 355 4449 vti
363 4407 385 4450 4.
398 4405 419 4450 3.
429 4405 484 4450 lud.
1081 4398 1095 4445 4
