3092 5050
214 705 235 735 ι.
248 693 299 737 chr.
312 705 336 736 ι.
350 694 393 736 tta
524 677 622 733 LIBER
638 676 757 731 xxxllll.
793 677 865 731 GAP.
884 679 924 732 19.
942 680 984 732 20.
1228 674 1286 734 121

213 864 371 916 morentur
385 871 427 924 re,
449 851 600 933 persoluto
615 853 762 933 stipendio
779 872 840 914 non
856 853 918 914 suis
932 854 1020 914 modo
1036 854 1086 914 sed
1103 854 1188 915 etiam
1204 871 1289 935 pree-

214 939 288 1002 toris
302 938 446 1000 militibus
466 937 629 1018 relictoque
644 939 725 999 omni
747 939 877 1000 exercitu
893 939 923 1000 in
947 940 1052 1001 castris
1066 939 1210 1020 praetoris
1225 939 1289 1021 ipse

214 1042 283 1089 cum
298 1033 410 1106 septem
423 1023 595 1084 cohortibus
608 1024 643 1085 ad
657 1023 799 1084 lliberum
815 1032 857 1084 est
869 1042 1032 1103 regressus.
1061 1043 1094 1085 ea
1110 1033 1169 1085 tam
1185 1025 1339 1104 exiguam

213 1129 305 1173 mann
321 1110 430 1190 oppida
448 1108 562 1189 aliquot
579 1109 666 1190 cepit.
698 1109 831 1170 deiecere
845 1109 881 1170 ad
894 1127 960 1170 eum
973 1109 1121 1180 Sedetani,
1137 1109 1288 1183 Ausetani,

214 1195 394 1258 Suessetani.
424 1194 604 1266 Lacetanos,
625 1194 737 1255 deviam
753 1203 783 1255 et
798 1194 959 1255 silvestrem
975 1207 1104 1274 gentem,
1119 1214 1187 1256 cum
1203 1195 1289 1256 insita
1310 1203 1326 1255 2

213 1281 315 1344 leritas
329 1279 500 1341 continebat
515 1280 545 1340 in
561 1280 661 1347 armis,
682 1289 744 1340 tum
760 1279 950 1351 conscientia,
973 1281 1042 1340 dum
1058 1280 1160 1341 consul
1177 1280 1290 1342 exerci·
1364 1311 1367 1317 ›

213 1377 323 1446 tusque
338 1364 471 1426 Turdulo
486 1364 565 1425 hello
582 1373 658 1426 esset
673 1373 845 1446 occupatus,
860 1365 1105 1446 depopulatorum
1120 1365 1227 1427 subitis
1241 1366 1288 1426 in·

214 1451 404 1515 torsionibus
424 1449 584 1511 sociorum.
615 1450 705 1529 igitur
718 1452 754 1511 ad
777 1450 919 1530 oppidum
936 1468 1039 1511 corum
1055 1452 1287 1530 oppugnandum
1309 1459 1326 1509 ³

214 1536 321 1599 consul
336 1535 418 1597 ducit
433 1554 493 1596 non
510 1534 657 1596 Romanas
671 1536 759 1596 modo
775 1536 924 1604 cobortes,
938 1536 989 1596 sed
1004 1536 1184 1597 iuventutem
1201 1537 1288 1597 etiam

212 1622 321 1684 merito
343 1621 528 1682 infensorum
543 1621 580 1681 iis
600 1621 758 1682 sociorum.
790 1620 932 1701 oppidum
952 1620 1093 1700 longum,
1113 1621 1142 1681 in
1158 1620 1287 1682 latitudi·
1308 1628 1324 1680 1

213 1726 282 1769 nem
305 1707 531 1786 haudquaquam
552 1707 725 1767 tantundem
746 1717 850 1786 patens
871 1706 1026 1767 habebant
1057 1705 1289 1786 quadringentos

211 1793 283 1854 inde
305 1793 396 1853 ferme
418 1810 523 1872 passus
548 1791 703 1852 ceinstituit
723 1793 816 1868 signa.
853 1790 894 1852 ihi
919 1791 1097 1853 delectarum
1123 1791 1288 1853 cohortium
1309 1802 1324 1852 ⁵

210 1879 370 1941 stationem
389 1878 561 1956 relinquens
576 1877 725 1957 praecepit
741 1877 794 1948 iis,
817 1895 855 1938 ne
869 1895 902 1938 se
917 1894 951 1937 ex
974 1895 1009 1938 eo
1026 1876 1091 1937 loco
1107 1885 1175 1938 ante
1188 1894 1288 1937 move-

212 1973 297 2034 rent,
318 1980 405 2043 quam
429 1963 493 2043 ipse
514 1962 549 2022 ad
573 1979 625 2022 eos
645 1962 790 2036 venisset;
812 1971 925 2023 ceteras
945 1962 1046 2042 copias
1068 1962 1103 2022 ad
1119 1961 1288 2024 ulteriorem

210 2057 328 2130 partem
343 2047 427 2108 urbis
441 2047 645 2108 circumducit.
673 2049 834 2108 maximum
849 2066 882 2109 ex
900 2047 1038 2108 omnibus
1052 2047 1167 2108 auxiliis
1184 2065 1288 2109 nume·

209 2151 279 2195 rum
295 2132 489 2194 Suessetanae
509 2133 670 2193 iuventutis
690 2132 833 2207 babebat;
855 2151 906 2194 eos
920 2133 955 2193 ad
978 2151 1095 2194 murum
1112 2151 1288 2214 oppugnan-

211 2218 283 2281 dum
304 2217 405 2279 subire
425 2218 515 2279 iubet.
546 2235 672 2297 qnorum
693 2217 744 2278 ubi
759 2236 839 2279 arma
861 2218 1005 2297 signaque
1020 2218 1160 2278 Lacetani
1175 2236 1287 2297 cogno-
1308 2235 1326 2285 e

210 2321 290 2375 vere,
305 2321 460 2375 memores,
476 2321 564 2382 qnam
581 2322 668 2383 saepe
684 2302 713 2364 in
730 2321 801 2380 agro
813 2321 916 2364 eorum
931 2304 1054 2383 impune
1066 2303 1288 2382 persultassent,

210 2390 352 2469 quotiens
366 2388 448 2468 ipsos
458 2388 551 2466 signis
566 2387 679 2448 collatis
694 2389 838 2449 fudissent
849 2388 1068 2468 fugassentque,
1083 2390 1225 2466 patefacta
1241 2406 1288 2449 re-

211 2485 304 2556 pente
325 2483 411 2556 porta
433 2473 561 2534 universi
584 2473 615 2534 in
638 2492 689 2534 eos
716 2485 885 2554 erumpunt.
922 2474 969 2533 vix
995 2474 1151 2534 clamorem
1174 2491 1324 2543 eorumr

212 2561 322 2622 nedum
339 2561 480 2640 impeturn
498 2560 665 2619 Suessetani
682 2559 786 2620 tulere.
824 2559 903 2638 quod
926 2566 1097 2639 postquam,
1117 2558 1193 2618 sicut
1208 2559 1287 2619 tutu·

209 2664 277 2706 rum
294 2654 376 2706 ratus
390 2654 467 2715 erat,
490 2643 595 2705 consul
610 2645 674 2705 deri
694 2646 779 2706 etiam
796 2644 884 2716 vidit,
908 2662 985 2723 equo
1001 2643 1090 2704 citato
1106 2643 1208 2704 subter
1222 2662 1287 2705 mu·
1308 2659 1324 2711 s

210 2749 279 2792 rnm
307 2730 437 2791 bostium
462 2731 497 2789 ad
523 2731 660 2790 cobortes
684 2730 818 2791 avehitur
837 2741 926 2809 atque
947 2748 995 2790 eas
1016 2738 1162 2810 arreptas,
1188 2730 1288 2790 effusis

211 2815 353 2878 omnihus
371 2816 405 2876 ad
428 2816 595 2894 sequendos
619 2814 830 2888 Suessetanos,
858 2833 913 2895 qua
935 2814 1084 2876 silentium
1105 2834 1139 2875 ac
1160 2815 1287 2876 solitudo

212 2936 254 2996 15,
273 2934 298 2982 l.
315 2960 350 2969 —
370 2931 506 2995 persoluto
529 2932 671 2995 stipendio]
697 2946 725 2983 es
778 2932 988 2984 omnis..scbon
1016 2932 1188 2984 onterworlen
1216 2932 1289 2998 gleu-

210 3001 247 3052 ist
264 2998 336 3051 wohl
355 2997 399 3050 der
416 2998 573 3061 labressold,
591 2999 662 3050 nicbt
680 2999 726 3050 das
777 3000 835 3051 ben.
854 3030 886 3039 -
905 3000 995 3063 eeeet⁸]
1008 3030 1041 3038 -
1056 3003 1199 3063 sociorum]
1213 3016 1233 3053 s.
1247 3003 1288 3063 11,

209 3067 376 3134 stipendium
387 3072 518 3129 semestre,
526 3068 648 3132 gemunt,
658 3066 725 3119 deun
777 3069 821 3121 21.
837 3071 875 3130 16,
889 3072 912 3122 6.
930 3098 964 3106 -
981 3068 1130 3120 Romanos.
1141 3106 1147 3118 .
1159 3071 1288 3131 cobortes]

210 3136 258 3189 der
269 3134 468 3201 lebresleldzng
480 3135 514 3185 ist
526 3151 557 3185 an
570 3134 653 3194 linde,
673 3136 726 3201 νς).
778 3152 798 3188 s.
814 3140 853 3202 12,
866 3141 890 3188 6.

208 3206 295 3268 11:20,
308 3206 333 3256 9.
352 3232 385 3241 -
403 3207 500 3260 eastris
512 3203 675 3269 praetorisl*
693 3232 726 3241 -
813 3209 837 3256 5.
855 3204 1017 3254 delectarum
1036 3205 1197 3267 cohortium]
1210 3203 1238 3255 ss
1248 3207 1288 3266 11,

208 3277 310 3337 septem
323 3272 487 3337 cohortibus]
498 3270 725 3336 diegeringeZahl
780 3277 809 3332 ¹l;
828 3273 880 3339 egl.
898 3271 939 3323 die
958 3271 1040 3323 Stelle
1058 3287 1103 3323 aus
1119 3271 1238 3323 Plutarch
1256 3287 1289 3323 zu

209 3340 311 3393 hdnnte
335 3339 410 3391 datur
432 3340 571 3406 sprecbeu‚
598 3337 655 3391 dass
679 3339 725 3391 das
778 3341 795 3407 ξ
813 3344 838 3393 9.
855 3371 890 3380 -
912 3343 1129 3401 ee..moeerent]
1148 3355 1168 3392 s.
1187 3343 1229 3406 21,
1249 3342 1289 3402 to,

209 3407 279 3461 lleer
302 3406 386 3460 selbot
409 3408 480 3459 nicht
502 3408 561 3459 sehr
580 3408 642 3458 weit
665 3423 726 3459 vom
778 3415 802 3462 5.
820 3438 854 3446 -
871 3409 1035 3471 ulteriorem]
1055 3408 1109 3459 bier
1126 3430 1160 3450 =
1179 3408 1290 3459 entiern·

210 3475 333 3537 Hiberus,
345 3475 410 3527 nacb
423 3476 476 3526 biv.
490 3475 545 3528 also
558 3475 630 3527 nicht
642 3475 668 3526 in
678 3474 727 3527 Bi·
779 3482 825 3542 ter,
843 3477 890 3528 aul
900 3475 944 3527 der
958 3475 1069 3527 anderen
1082 3474 1152 3528 Seite
1171 3477 1289 3544 gelegen.

208 3545 270 3607 tice,
288 3543 430 3611 gestanden
444 3544 495 3595 bal.
513 3572 546 3582 —
562 3544 727 3609 regressus]t
779 3575 810 3584 -
834 3548 950 3607 murum]
972 3544 1031 3595 weil
1055 3545 1094 3596 sie
1120 3560 1168 3595 nur
1191 3560 1223 3595 an
1247 3545 1289 3596 die

243 3610 293 3667 21).
313 3613 336 3665 1.
354 3611 482 3675 defecere]
506 3611 583 3665 nimi.
608 3627 658 3663 von
682 3611 726 3663 der
777 3612 865 3664 blauer
877 3611 985 3671 rdcken;
1004 3617 1078 3664 sonat
1094 3612 1172 3665 beilst
1184 3628 1221 3673 es,
1239 3614 1289 3664 wie

208 3678 344 3733 loelition
362 3679 407 3731 der
424 3680 577 3746 spaniscben
596 3678 700 3731 lelrer.
777 3684 793 3746 ξ
812 3684 837 3745 3,
855 3681 982 3745 oppidum
999 3696 1165 3747 oppugnare.

245 3751 270 3801 2.
289 3748 447 3811 Loeewnoe]
460 3763 481 3801 s.
490 3764 522 3800 zu
535 3751 576 3811 21,
586 3750 627 3812 23,
637 3750 665 3808 2ς
679 3747 725 3800 das
812 3754 835 3802 6.
847 3747 1063 3817 ρηηιίἰαεεεηιἿ
1073 3765 1094 3801 s.
1104 3753 1147 3812 11,
1156 3753 1180 3806 9.
1189 3753 1201 3799 t
1211 3769 1216 3805 ;
1227 3748 1289 3801 Tac.

208 3814 281 3869 Volk
304 3815 411 3868 wobnte
435 3831 487 3867 ron
510 3816 559 3867 den
583 3816 725 3882 Abhingen
777 3817 844 3869 dnn.
860 3821 897 3882 ll,
912 3820 928 3869 9
946 3835 971 3869 n.
990 3833 1027 3878 a.;
1045 3818 1098 3883 egl.
1116 3819 1169 3869 Lir.
1189 3820 1289 3881 23,12,

210 3883 257 3937 der
316 3884 410 3936 reoien
434 3884 474 3936 bis
499 3885 563 3936 nach
583 3883 648 3936 Osca
673 3883 725 3936 und
780 3890 1011 3953 10:1›ereursare

207 3951 292 4006 ilerda
321 3952 356 4004 in.
374 3938 501 4020 llbrigens
513 3952 590 4005 sollte
599 3967 657 4003 man
669 3951 727 4003 des-
812 3958 835 4005 1.
852 3954 960 4018 tulerel‘
973 3984 1007 3992 -
1021 3958 1098 4005 ratus
1107 3959 1181 4006 erut.
1193 3995 1198 4005 .
1210 3957 1290 4004 etlam

209 4021 285 4074 selbe
297 4020 349 4072 wie
366 4019 408 4072 die
426 4020 566 4073 Sedetaner
584 4020 726 4081 (vielleicbt
779 4023 856 4088 uidit]
876 4023 919 4075 der
932 4022 1020 4088 Erlolg
1039 4025 1175 4090 entspraclr
1189 4022 1233 4075 der
1244 4021 1289 4072 Er·

208 4089 294 4142 iudet
305 4088 434 4141 Nihedes
452 4090 570 4156 spiteren
588 4088 726 4141 Caesarau—
778 4097 909 4158 vannum
927 4091 980 4156 vgl.
998 4095 1023 4153 1,
1037 4095 1061 4151 6,
1074 4095 1097 4143 5.

209 4164 302 4224 μεως
326 4173 347 4210 s.
366 4155 432 4211 Pliu.
451 4160 476 4222 3,
494 4160 538 4218 21;
562 4155 643 4208 Ukert
667 4161 725 4210 315.
813 4161 837 4211 8.
854 4163 954 4223 subter]
973 4159 1138 4211 onmittelbar
1155 4164 1228 4210 onter
1246 4155 1291 4206 der

209 4228 289 4290 stt),
313 4224 356 4276 die
373 4223 517 4277 Ausetancr
543 4227 574 4288 (s.
593 4227 635 4288 21,
647 4227 689 4284 23,
702 4229 726 4277 2.
778 4224 866 4279 Manet
883 4228 935 4279 hin.
953 4257 987 4266 -
1005 4230 1138 4288 avellitur]
1157 4242 1177 4278 s.
1194 4229 1234 4281 15,
1249 4227 1289 4280 33.

210 4297 254 4359 ot,
266 4297 302 4359 8),
321 4291 453 4345 vielleicht
477 4293 542 4345 anch
562 4293 603 4344 die
620 4292 728 4345 Suesse·
779 4297 807 4355 1;
825 4295 877 4362 egl.
895 4300 969 4358 est,
983 4293 1290 4349 8:11oolntllomam.—

212 4367 287 4415 tanet
298 4363 331 4428 (e.
344 4363 386 4427 25,
398 4362 441 4427 31,
452 4364 479 4427 6)
491 4362 555 4414 nach
571 4366 611 4426 16,
623 4364 652 4414 6;
671 4364 727 4412 inm
779 4362 915 4415 silentium
932 4380 965 4414 nc
981 4364 1108 4426 solitudo]
1126 4362 1179 4428 vgl.
1197 4364 1235 4423 11),
1249 4363 1289 4421 31,
