3092 5050
229 711 252 744 a.
265 702 316 746 chr.
328 713 351 745 ι.
365 702 409 745 teu.
603 683 698 739 LIBER
714 683 823 749 mill
858 683 930 739 not).
947 687 989 741 29.
1265 682 1305 746 51

315 858 457 921 Ebemrit
470 877 504 920 ea
525 859 629 921 oaedee
643 858 802 921 Thebanos
816 858 1002 940 Boeotosque
1024 859 1121 922 omnio
1135 859 1171 921 ad
1187 878 1304 924 execra-
1321 864 1360 923 25

229 943 291 1006 bile
306 943 407 1006 odium
423 942 641 1017 Romanorum,
662 944 810 1006 erodentia
826 962 886 1006 non
902 945 966 1006 sine
981 943 1106 1007 oonsilio
1120 944 1307 1027 imperatoris

227 1027 356 1092 Romani
372 1028 572 1111 Zeuxippum,
593 1029 760 1110 prinoipem
774 1029 886 1108 gentio,
908 1029 938 1091 id
953 1029 1067 1093 iaoinua
1082 1030 1240 1093 ooneoisoo.
1269 1032 1306 1093 ad

227 1112 434 1178 rebellandum
447 1132 544 1195 neque
554 1114 631 1176 vires
642 1132 739 1193 neque
751 1114 856 1177 dunem
867 1113 1031 1191 habebant;
1048 1115 1216 1197 proximum
1226 1114 1305 1177 bello
1328 1126 1344 1177 a

228 1199 310 1281 quod
326 1207 399 1270 erat,
413 1199 444 1260 in
461 1198 650 1262 latrocinium
665 1198 740 1261 versi
754 1198 828 1261 alios
843 1198 875 1260 in
889 1199 1036 1281 hospitiis,
1057 1200 1131 1262 alios
1145 1218 1234 1281 vagos
1249 1219 1305 1282 per

227 1283 353 1348 hiberna
367 1284 478 1346 milites
497 1284 534 1347 ad
549 1283 645 1347 varios
659 1284 852 1346 commeantia
871 1302 943 1347 usus
963 1284 1158 1366 excipiebant
1187 1286 1305 1367 quidam
1327 1301 1342 1350 a

227 1370 260 1432 in
275 1369 349 1451 ipeio
363 1367 520 1431 itineribus
535 1369 572 1431 ad
587 1377 673 1430 notan
685 1368 814 1431 iatebras
827 1368 864 1432 ab
879 1368 1102 1445 insidiantibus,
1124 1389 1194 1452 paro
1208 1371 1239 1433 in
1254 1371 1305 1434 de·

228 1465 307 1517 serta
322 1471 377 1535 per
397 1454 531 1517 fraudem
552 1455 718 1517 deversoria
733 1454 852 1517 deducti
873 1454 1133 1536 opprimebantnr3
1154 1463 1305 1537 postremo
1327 1472 1343 1522 t

228 1556 291 1602 noo
305 1546 423 1601 tantum
445 1538 482 1600 ab
498 1538 566 1601 odio
581 1540 632 1602 oed
654 1539 742 1601 etiam
756 1539 890 1602 ariditate
905 1539 1030 1620 praedae
1051 1557 1084 1601 ea
1099 1539 1231 1602 facinora
1251 1542 1304 1603 tte-

227 1623 312 1700 bant,
327 1624 396 1705 quia
412 1624 582 1703 negotiandi
594 1624 686 1687 ierme
701 1642 789 1688 eanoa
803 1634 958 1704 argentum
972 1624 1004 1686 in
1019 1624 1103 1685 zonis
1116 1624 1259 1688 babentes
1273 1626 1305 1688 in

229 1707 444 1772 commeatibus
461 1716 553 1771 erant.
587 1727 654 1772 oum
667 1709 762 1790 primo
781 1709 878 1790 pauoi,
898 1709 1004 1771 deinde
1019 1709 1050 1770 in
1067 1708 1130 1771 dies
1140 1708 1241 1791 piures
1253 1710 1305 1772 do-
1327 1725 1343 1774 5

227 1794 440 1867 onerarentur,
455 1794 573 1856 infamia
588 1814 652 1857 esse
663 1794 784 1857 Boeotia
801 1794 898 1856 omnis
909 1794 1020 1875 eoepit,
1035 1805 1064 1857 et
1075 1794 1206 1858 timidius
1217 1814 1305 1877 quam

227 1879 260 1942 in
276 1879 391 1942 bootioo
413 1879 512 1956 egredi
528 1880 632 1941 eastris
652 1879 745 1942 milen.
783 1888 845 1942 tum
861 1878 1018 1950 Quinctius
1037 1878 1150 1959 legatos
1163 1882 1201 1943 ad
1216 1899 1307 1963 quae·
1328 1893 1344 1943 t

229 1965 358 2027 modum
378 1964 415 2026 de
429 1963 592 2026 latrociniis
608 1983 662 2045 por
676 1964 808 2027 civitates
822 1965 921 2027 mittit
950 1964 1095 2046 plurimae
1110 1966 1213 2028 caedes
1228 1966 1306 2029 eirea

226 2114 269 2167 die
292 2129 324 2166 nn
354 2112 400 2165 der
421 2113 565 2166 romisoben
590 2112 673 2166 Partei
700 2129 744 2181 ge-
796 2112 920 2178 eoblibiet,
938 2113 1115 2180 alsobr'nid,
1169 2117 1306 2169 od..vor-

226 2182 334 2242 boetem
360 2197 381 2233 s.
399 2179 470 2234 Pot:
494 2174 512 2232 i*
532 2181 701 2255 συνορῶντες
717 2178 745 2232 oi
795 2181 928 2249 ausginge.
968 2169 1037 2234 Uber
1056 2181 1099 2235 die
1143 2184 1305 2252 arbetellung

226 2253 294 2320 napi
319 2245 371 2300 τὸν
395 2245 555 2335 Ζώξιπααν
576 2253 626 2334 ’καὶ
649 2252 743 2329 lieent-
795 2247 976 2332 deeDRelativa
994 2265 1015 2302 s.
1028 2252 1104 2316 27,8,
1123 2253 1305 2305 16.-Iotro·

226 2321 582 2453 bifffflrbmibil
599 2313 744 2454 ‘mi
794 2319 1181 2452 i}'¹ii}”i,⁸·2i‚¹¹1{3⁴s⁸;a⁵t,i]
1198 2323 1306 2447 tebit

223 2455 243 2507 l
327 2490 334 2503 .
794 2451 971 2519 aginnum
991 2451 1220 2517 Tacuistmt:
1235 2471 1303 2520 pora

301 2520 325 2574 .*
354 2525 375 2575 i.
406 2519 542 2571 Thebanos
567 2518 741 2586 Boeotosque]
792 2520 927 2587 manipuli
940 2537 1036 2586 sparsa
1052 2538 1102 2588 per
1115 2528 1303 2575 commeatus..

224 2607 247 2644 e.
259 2594 303 2654 ³5,
313 2593 356 2654 ³4,
367 2593 393 2651 i;
404 2593 446 2652 45,
455 2591 498 2652 38,
507 2594 531 2641 5.
541 2617 575 2626 -
584 2590 621 2639 ad
631 2605 741 2640 exuera-
789 2605 840 2655 per
858 2589 1003 2640 latrocinio
1022 2596 1047 2640 et
1071 2594 1168 2655 raptus
1185 2596 1234 2641 aut
1250 2608 1306 2641 rer·

224 2655 654 2721 biie..]dieVerwiiderungbatte
665 2672 741 2709 ..zor
789 2657 887 2708 vitibus
904 2661 1032 2722 nwotiie.

224 2727 315 2792 Folge.
337 2724 387 2777 Der
396 2723 741 2791 Haisdanerteoucbspiter
822 2728 848 2777 4.
866 2725 1008 2790 auiditate]
1036 2726 1103 2779 obne
1121 2726 1303 2779 wiederholtes

225 2794 739 2854 iort;o.35,47‚3;36‚6,t.-non
790 2795 1132 2859 at;s.³t,t,16:non
1172 2794 1306 2847 erMooe-

223 2867 284 2914 sere
296 2862 409 2913 oonsilio
419 2899 426 2912 .
435 2861 452 2924 .]
465 2860 519 2913 biv.
532 2858 633 2911 mildert
644 2875 682 2923 eo,
695 2874 738 2912 um
791 2862 899 2913 doniam
907 2862 986 2913 modo
994 2864 1043 2915 sod
1054 2865 1135 2914 etiarn
1147 2811 1302 2923 ferociam

225 2931 363 2992 Quinctius
380 2944 412 2980 zu
436 2928 563 2990 echonen,
588 2942 642 2979 was
662 2926 738 2995 Poly·
790 2928 843 2996 egl.
853 2933 877 2993 3,
887 2933 911 2993 6,
921 2933 946 2983 8.
958 2959 991 2968 -
1003 2929 1303 2995 negotiandeiderilan-

225 2999 283 3051 bion
302 2996 433 3050 beetimmt
446 2994 602 3062 auospricbt:
620 2989 681 3047 ὁδὶ
697 2999 737 3046 Τί·
791 2997 834 3049 del
859 2995 903 3049 der
926 2995 1050 3051 Soldaten
1078 2998 1144 3059 (daia
1171 2999 1209 3051 sie
1228 3000 1303 3062 {rtwa

224 3083 271 3119 m
293 3065 384 3117 ταῦτα
408 3063 467 3127 (den
486 3063 562 3125 Plan,
587 3062 739 3131 Brachyllee
791 3065 832 3117 bin
845 3064 891 3118 dae
903 3063 1103 3119 HeerEinkiuie
1116 3065 1235 3133 gemacht
1247 3066 1304 3117 hit-

225 3151 257 3187 ru
271 3132 421 3197 emorden)
435 3127 579 3183 beanoioae
592 3125 675 3183 αὐτὸς
687 3133 740 3197 μὲν
792 3138 850 3196 ten,
873 3134 907 3187 iot
924 3133 995 3185 nieht
1012 3133 1177 3200 angedentet)
1194 3132 1259 3184 wind
1278 3137 1302 3196 5,

224 3194 275 3285 αὖα
297 3203 351 3270 ἔφη
373 3203 517 3285 καινανεῖν
543 3199 590 3284 τῆξ
615 3197 740 3280 πράξαρνε
792 3205 816 3266 8,
835 3205 862 3255 3:
886 3202 1006 3252 beorum
1030 3205 1059 3253 in
1082 3202 1189 3253 modurn
1212 3216 1303 3251 ornnes

223 3286 333 3391 {ff
348 3263 739 3387 :utitttttttu‘ntut
791 3270 1072 3403 tuburum:
1089 3284 1302 3388 {mibi

224 3403 282 3459 htv
301 3400 400 3457 αὖταύε
423 3401 525 3455 ἐκέλευε
548 3407 611 3472 περὶ
631 3400 739 3456 τούτων
791 3405 943 3457 bezeiobnet
960 3404 1012 3455 und
1029 3419 1083 3457 war
1094 3408 1170 3456 unter
1181 3353 1231 3456 tien
1243 3406 1301 3471 spi-

222 3471 396 3541 Ἀλιξαμενῷ
430 3473 471 3537 τῷ
505 3471 565 3523 τῶν
594 3468 739 3523 Αἰτωλῶν
793 3479 863 3526 teren
881 3471 988 3523 Kaisern
1005 3473 1141 3532 verbotem
1164 3472 1218 3539 vpl.
1235 3472 1300 3523 Pan-

226 3540 373 3612 στρατηγῷ
383 3578 389 3592 .
401 3580 408 3593 .
421 3568 455 3578 -
467 3541 558 3591 Zeuui
573 3555 647 3605 pum,
661 3543 739 3605 prin·
791 3542 832 3592 ius
844 3539 1026 3592 antinoon
1041 3543 1065 3604 2,
1074 3543 1104 3593 4:
1122 3534 1208 3592 οὐδεὶς
1219 3556 1301 3609 στρα-

226 3617 310 3678 n'pern
318 3612 419 3675 gentio]
430 3624 459 3660 so
469 3556 619 3660 bezeiobnet
631 3607 675 3660 ibn
684 3606 738 3659 biv.
789 3601 932 3674 τευόμανας
941 3603 1228 3674 ἀμπλόκηαιταῐετοῦ
1237 3612 1300 3673 βίον

226 3695 275 3732 ron
287 3680 389 3731 seinem
402 3675 584 3742 Standpnnlrte
601 3690 660 3734 aus;
680 3674 737 3726 dem
789 3679 994 3745 πραγματείαις.

226 3746 385 3815 Brachylles,
404 3744 520 3795 weleben
534 3759 561 3795 er
576 3746 616 3805 nt,
630 3747 645 3795 8
658 3758 738 3808 quen·
825 3749 848 3796 5.
867 3747 896 3794 in
914 3746 1027 3807 boetico]
1039 3759 1060 3795 s.
1074 3748 1098 3807 6,
1112 3747 1153 3807 31,
1163 3747 1188 3798 t.
1205 3772 1238 3781 —
1256 3758 1300 3794 ea-

227 3816 286 3867 dm
309 3818 404 3874 neunt,
430 3812 518 3864 worde
541 3826 569 3862 er
586 3810 737 3863 sebwerlieh
788 3812 1060 3879 smalistoogesagt,
1072 3810 1300 3878 aleobdasbaper

228 3882 311 3936 dieses
324 3879 448 3934 Preidikat
465 3880 582 3947 gegeben
601 3878 691 3930 baben.
704 3907 738 3916 -
789 3880 815 3930 in
828 3879 937 3932 Bootien
953 3895 1073 3945 geweoen
1087 3881 1164 3944 wire,
1183 3879 1215 3930 dn
1227 3883 1299 3931 sonat

227 3952 260 4002 ed
276 3948 463 4003 rebellandum
482 3987 488 3998 .
506 3992 511 4003 .
552 3950 688 3998 roeirnurn
702 3950 735 4008 ..]
789 3946 832 3999 die
841 3947 958 3999 desselbe
969 3946 1157 4000 Veriassenden
1166 3947 1246 4000 leieht
1255 3962 1299 3999 an-

228 4018 266 4072 tie
275 4018 371 4071 beiden
381 4015 455 4068 Teile
466 4015 512 4068 des
542 4015 658 4067 ebioseeo
671 4014 737 4066 obue
789 4015 850 4067 dere
877 4014 1014 4083 Gegeuden
1042 4016 1131 4068 hitten
1158 4015 1298 4068 anisnehen

228 4085 266 4139 die
275 4088 324 4140 das
332 4084 450 4151 logisobe
460 4083 607 4135 Verbiltnis
619 4083 736 4135 bezeiob·
789 4082 906 4143 itionem
924 4084 977 4150 vgl.
996 4084 1013 4150 5
1031 4086 1061 4144 9ς
1080 4085 1122 4149 at,
1139 4087 1164 4136 5.

229 4155 326 4207 aenden
345 4152 489 4205 Partikein.
823 4155 846 4204 6.
865 4152 902 4203 ad
923 4152 1115 4218 quaerendum]
1138 4146 1192 4204 ‘um
1214 4152 1299 4202 Nach-

259 4224 479 4289 mmmm.
496 4224 512 4283 .]
534 4218 736 4285 vorangestellte
789 4219 961 4287 toreehungen
983 4216 1165 4281 anzoetelleu';
1190 4219 1231 4271 die
1250 4218 1297 4268 Re-

228 4289 379 4356 Erblirong,
400 4289 451 4340 wie
469 4292 543 4340 tonet
559 4287 591 4337 id
607 4288 686 4352 quod,
703 4301 736 4337 an
789 4288 883 4340 onitate
901 4286 1034 4341 derselben
1060 4287 1163 4341 werden
1187 4288 1221 4337 im
1250 4286 1297 4335 toi-

229 4356 268 4411 tlie
293 4359 351 4412 oieb
378 4360 409 4408 in
436 4356 611 4407 latrocinium
636 4369 665 4407 so
692 4370 735 4405 an·
790 4355 890 4422 geoden
917 4357 1050 4409 beriehtet.
1077 4386 1111 4395 —
1136 4354 1236 4415 caedes]
1263 4353 1297 4403 im

1114 4439 1147 4491 4*
