3092 5050
208 697 234 744 ι
247 701 297 744 m.
310 713 333 743 ι
347 701 392 743 tta
564 682 656 737 trouu
672 683 793 738 1111111111.
826 682 898 741 (131).
915 687 957 738 to.
1230 684 1291 744 135

214 859 353 920 faciunda
373 876 464 939 opera
485 867 585 929 erant,
607 859 713 920 effecit.
750 859 808 919 iam
829 859 1025 921 testudinibus
1045 860 1171 921 admotis
1190 870 1331 922 muruso

209 943 430 1013 subruebatur,
450 944 508 1004 iam
523 943 665 1004 arietibus
680 944 873 1022 quatiebatur.
911 943 1010 1024 itaque
1024 962 1084 1006 nna
1099 944 1212 1006 crebris
1226 945 1292 1007 icti·

213 1029 272 1090 bus
286 1045 384 1089 eversa
400 1038 444 1089 est
465 1028 556 1089 turris
571 1028 710 1106 quodque
725 1029 802 1088 circa
818 1028 894 1089 muri
917 1037 980 1090 erat
996 1047 1066 1091 casu
1082 1030 1146 1090 eius
1161 1042 1292 1110 prostra-

208 1124 293 1186 tum,
306 1123 335 1173 et
347 1112 472 1174 llomani
484 1111 571 1172 simul
583 1131 599 1173 a
612 1123 710 1193 portu,
722 1112 802 1173 unde
812 1112 909 1173 aditus
920 1112 1036 1193 planior
1048 1123 1119 1188 erat,
1135 1122 1168 1175 ut
1179 1116 1292 1175 disten·
1314 1124 1329 1173 t

213 1199 321 1259 derent
333 1197 371 1258 ab
385 1197 534 1278 apertiore
554 1197 620 1258 loco
635 1198 745 1266 bostis,
768 1195 854 1257 simul
870 1215 925 1277 per
943 1199 1119 1277 patefactum
1135 1201 1219 1260 ruina
1235 1202 1292 1260 iter

210 1283 387 1362 inrumpere
399 1283 592 1343 conabantur.
620 1300 676 1343 nec
685 1282 812 1342 multum
823 1283 906 1353 aluit,
922 1282 1006 1362 quin,
1021 1301 1078 1362 qua
1090 1284 1290 1357 intenderant,
1313 1291 1330 1342 8

216 1375 422 1448 penetrarent3
444 1367 495 1427 sed
510 1366 632 1428 tardarit
653 1367 795 1447 impetum
811 1383 914 1427 eorum
930 1385 999 1446 spes
1013 1367 1128 1428 obiecta
1144 1368 1293 1432 dedendae

211 1452 309 1522 urbis,
325 1469 393 1511 mox
407 1451 514 1512 deinde
528 1452 628 1512 eadem
645 1451 769 1512 turbata.
804 1450 999 1529 Dexagoridas
1016 1461 1045 1513 et
1059 1451 1213 1533 Gorgopas
1228 1453 1292 1533 pari

214 1535 341 1616 imperio
359 1545 514 1615 praeerant
529 1536 605 1596 urbi.
643 1535 839 1614 Dexagoridas
854 1536 974 1597 miserat
986 1536 1023 1597 ad
1039 1535 1169 1614 legatum
1184 1536 1291 1599 lloma·
1313 1547 1329 1595 9

216 1638 289 1683 num
305 1621 481 1681 traditurum
497 1639 528 1681 se
551 1620 671 1693 urbem;
692 1630 721 1683 et
739 1620 858 1682 eumad
880 1638 944 1681 eam
959 1639 1022 1682 rem
1043 1631 1162 1701 tempus
1175 1631 1204 1682 et
1219 1624 1293 1683 ratio
1315 1629 1345 1680 to

213 1706 414 1777 convenisset,
429 1725 445 1766 a
461 1705 600 1785 Gorgopa
615 1706 748 1785 proditor
761 1706 948 1777 interficitur,
963 1706 1164 1786 intentiusque
1179 1705 1216 1767 ab
1233 1724 1292 1766 nno

215 1791 288 1852 urbs
309 1789 531 1851 defendebatur.
568 1799 598 1851 et
619 1790 767 1851 difficilior
792 1791 867 1851 lacta
894 1791 1076 1870 oppugnatio
1103 1799 1180 1865 erat,
1205 1791 1237 1852 ni
1258 1789 1293 1851 Τ.

212 1874 375 1945 Quinctius
390 1893 458 1936 cum
474 1885 613 1953 quattuor
627 1874 747 1936 milibus
761 1874 944 1936 delectorum
964 1875 1091 1937 militum
1106 1876 1294 1956 supervenie-

214 1970 271 2021 set.
308 1960 334 2019 is
349 1977 417 2020 cum
439 1958 599 2040 supercilio
614 1959 691 2020 haud
714 1959 818 2039 procul
833 1960 969 2021 distantis
983 1959 1088 2021 tumuli
1104 1959 1140 2020 ab
1156 1960 1231 2022 urbe
1246 1962 1293 2021 in·
1316 1966 1345 2018 11

213 2053 358 2105 structam
378 2045 472 2104 aciem
492 2044 686 2117 ostendisset,
708 2052 738 2105 et
758 2063 794 2106 ex
814 2044 904 2105 altera
926 2054 1010 2124 parte
1029 2044 1062 2106 L.
1078 2043 1236 2114 Quinctius
1257 2045 1294 2106 ab

213 2127 358 2210 operibus
381 2129 443 2189 suis
458 2139 537 2189 terra
555 2130 688 2208 marique
707 2129 846 2202 instaret,
869 2140 931 2189 tum
949 2148 1016 2190 vero
1038 2130 1203 2210 desperatio
1219 2131 1295 2192 Gor·
1316 2136 1346 2187 12

214 2231 314 2295 gopan
332 2231 451 2292 quoque
465 2214 563 2291 coegit
577 2214 606 2274 id
622 2212 747 2286 consilii,
768 2214 847 2293 qnod
864 2215 894 2274 in
910 2213 1002 2276 altero
1018 2224 1113 2275 morte
1127 2216 1292 2277 vindicave-

214 2309 276 2370 rat,
298 2316 420 2378 capere,
441 2307 472 2358 et
487 2310 606 2377 pactus,
628 2308 661 2359 ut
674 2299 820 2360 abducere
835 2298 904 2358 inde
918 2299 1045 2372 milites,
1066 2317 1142 2378 quos
1157 2300 1294 2379 praesidii
1317 2307 1345 2356 tt

214 2401 304 2444 causa
319 2384 454 2454 babebat,
478 2381 588 2454 liceret,
611 2383 728 2444 tradidit
742 2383 881 2453 Quinctio
897 2383 1010 2443 urbem.
1048 2384 1218 2463 priusquam
1236 2384 1294 2462 Gy·
1317 2390 1346 2441 tt

213 2470 317 2530 tbeum
333 2468 507 2541 traderetur,
528 2467 724 2547 Pythagoras,
748 2469 914 2548 praefectus
929 2469 1015 2547 Argis
1029 2466 1166 2541 relictus,
1190 2468 1294 2530 tradita

214 2553 350 2614 custodia
375 2555 456 2613 urbis
471 2552 630 2613 Timocrati
646 2553 812 2614 Pellenensi
829 2570 896 2613 cum
912 2552 993 2613 mille
1012 2554 1223 2614 mercennariis
1238 2554 1294 2613 mi·

214 2637 318 2700 litibus
341 2648 371 2698 et
393 2637 511 2698 duobus
530 2637 650 2699 milibus
671 2638 847 2717 Argivorum
866 2637 1116 2699 Lacedaemonem
1138 2637 1174 2697 ad
1189 2637 1294 2699 Nabim

214 2725 305 2784 venit.

249 2855 621 2916 ttteetudtntbm1dasbeim
638 2854 728 2906 Unter-
780 2854 909 2922 llollnung
926 2855 960 2905 ist
977 2870 1010 2905 an
1028 2854 1070 2906 die
1088 2855 1219 2923 Erregdng
1237 2856 1294 2908 der-

214 2925 312 2988 graben
326 2923 371 2975 der
381 2923 728 2988 blauertmbmebaturtge-
780 2923 869 2975 selben
896 2938 943 2974 nur
968 2922 1143 2989 angeltndplt;
1168 2939 1189 2975 s.
1209 2928 1249 2984 26,
1265 2928 1294 2983 b:

215 2992 340 3043 braucbte
363 2991 536 3051 Sebutzdach,
559 2990 601 3041 die
622 2987 727 3054 patum
781 2992 828 3043 wir
858 2998 1010 3043 erwarteten
1038 2991 1113 3043 einen
1136 2992 1293 3057 Gegensntz;

213 3055 362 3126 διορνκτίες
387 3059 440 3124 vgl.
459 3061 501 3115 31.
516 3062 558 3121 lli,
577 3062 622 3116 10;
646 3057 728 3125 lilarq.
780 3074 801 3110 s.
821 3061 863 3123 42,
881 3063 911 3118 3ς
938 3062 962 3122 3,
984 3061 1025 3121 50,
1050 3061 1089 3111 12.
1112 3086 1147 3097 -
1169 3060 1245 3121 sacta
1264 3099 1293 3112 ..

214 3129 313 3188 2510.
332 3155 366 3165 -
385 3126 551 3191 quodque..]
568 3142 589 3177 s.
607 3128 647 3188 21,
664 3129 688 3189 3,
703 3131 727 3177 5.
780 3131 848 3189 erat,
865 3128 939 3189 ni..]
958 3141 978 3177 s.
996 3140 1028 3177 zu
1046 3128 1071 3188 2,
1088 3130 1181 3190 50,10
1200 3127 1250 3178 und
1270 3129 1294 3190 3,

213 3223 248 3233 -
267 3210 331 3245 eum
349 3196 431 3256 aius?
783 3198 823 3254 to,
836 3197 860 3246 8.

250 3266 275 3313 l.
293 3279 309 3312 a
326 3265 417 3327 portu]
437 3260 567 3313 entweder
581 3260 660 3311 denlrt
674 3260 728 3312 Liv.
817 3264 857 3313 tt.
874 3263 1029 3326 supercilio]
1044 3276 1065 3311 s.
1080 3262 1121 3324 tt,
1134 3262 1227 3323 13,10;
1241 3261 1295 3327 vgl.

212 3331 355 3381 denselben
373 3331 451 3381 nabet
468 3330 506 3379 als
517 3328 642 3394 Polybios
656 3329 686 3389 (s.
696 3344 728 3380 zu
781 3344 812 3380 zu
831 3331 986 3392 25,15,12;
1005 3329 1068 3379 tiber
1084 3328 1132 3379 den
1146 3327 1204 3379 Abl.
1217 3344 1236 3379 s.
1253 3332 1294 3394 33,

213 3398 273 3464 52)
291 3398 353 3449 oder
370 3414 397 3449 er
412 3397 468 3448 will
482 3396 583 3448 nundin
601 3396 729 3462 Ricbtnng
781 3400 806 3456 9,
819 3401 842 3449 3.
860 3424 894 3434 -
916 3397 949 3446 ab
972 3398 1104 3461 operibus]
1130 3409 1180 3445 von
1203 3395 1251 3447 den
1270 3433 1293 3450 ..

212 3469 341 3532 angeben.
354 3495 387 3504 -
401 3464 607 3526 distentionum
622 3480 642 3514 s.
653 3468 676 3524 3,
687 3466 729 3526 23,
781 3465 834 3524 ber,
844 3478 891 3515 aus
904 3463 953 3514 den
963 3500 987 3515 ..
1004 3464 1109 3523 bemns3
1129 3462 1194 3515 doeb
1205 3464 1294 3516 wurde

216 3537 244 3592 1;
270 3549 302 3585 an
322 3550 347 3584 u.
363 3534 399 3585 st
419 3535 550 3599 prignant,
570 3554 604 3574 =
622 3532 677 3582 sich
696 3547 728 3582 zu
781 3532 849 3582 obne
876 3532 908 3580 ab
931 3530 976 3581 der
1001 3529 1123 3585 Gedanlte
1151 3532 1293 3584 deutlicber

213 3602 293 3653 teilen
320 3603 424 3665 notigen
451 3600 502 3652 und
524 3615 553 3650 so
576 3606 643 3659 (zum
662 3598 729 3660 Tell)
781 3600 845 3653 sein.

212 3669 339 3721 abzieben
359 3685 409 3720 ron
423 3697 489 3720 ..-
507 3670 644 3732 apertiore
659 3669 727 3728 ioco]
817 3669 855 3718 12.
876 3671 933 3716 tum
951 3670 1023 3730 nero]
1040 3660 1080 3718 ‘da
1100 3666 1239 3726 nattirlicb,
1262 3666 1294 3717 da

210 3737 256 3788 die
283 3752 347 3788 vor·
374 3735 425 3788 und
455 3736 566 3787 nacbber
596 3736 728 3786 erwibnte
780 3728 924 3789 mulste..';
949 3734 1002 3799 vgl.
1020 3739 1061 3801 25,
1074 3738 1141 3800 8,9;
1162 3737 1203 3799 32,
1217 3736 1257 3798 12,
1272 3739 1294 3786 1.

214 3803 335 3856 Bresche.
357 3833 390 3841 —
409 3803 579 3869 patefactum
596 3806 688 3865 minu]
707 3818 727 3854 a.
779 3829 812 3840 -
831 3801 945 3866 coegit]*

212 3875 255 3933 31,
275 3876 316 3933 ii,
331 3874 354 3924 2.
369 3902 403 3910 -
421 3870 613 3933 conabunturl‘
817 3875 854 3923 13.
872 3875 987 3936 paetus,
1011 3872 1083 3931 ut..]
1102 3884 1122 3922 s.
1142 3884 1173 3919 zu
1193 3872 1233 3932 25,
1252 3872 1294 3931 33,

248 3944 273 3992 8.
292 3941 535 4005 quuinlenderanl]
549 3954 570 3989 s.
583 3942 624 4000 35,
637 3942 726 3997 11,13.
779 3943 808 3997 3;
828 3939 880 4004 vgl.
899 3940 941 3999 23,
961 3940 985 3988 l.
1002 3966 1036 3976 -
1057 3936 1209 3988 tradidit&
1227 3953 1295 3988 .ur·

211 4035 247 4046 -
265 4010 379 4070 obiecta]
405 4023 424 4059 s.
440 4012 464 4070 6,
488 4012 527 4071 il,
549 4010 587 4057 12.
611 4033 646 4044 -
663 4023 727 4057 mox
778 4010 845 4069 bern]
863 4022 884 4057 s.
902 4004 977 4056 llubn
997 4007 1020 4063 2,
1033 4008 1075 4056 65.
1087 4008 1147 4057 485.
1165 4033 1199 4043 -—
1215 4020 1293 4069 prae

213 4076 319 4139 deinde]
347 4092 367 4125 s.
391 4075 458 4127 Curt.
483 4080 522 4136 tu,
541 4080 565 4137 3,
587 4078 630 4133 12;
655 4082 727 4126 sonst
778 4075 843 4125 sidit·
860 4076 950 4136 cama]
969 4073 993 4123 d.
1007 4074 1032 4126 b.
1052 4088 1093 4124 um
1112 4073 1151 4123 als
1164 4072 1291 4124 Garnison

211 4144 286 4194 mehr
305 4142 487 4201 beillicbtern;
507 4143 561 4207 vgl.
579 4158 611 4193 zu
630 4145 653 4203 2,
668 4146 691 4198 3.
703 4146 725 4195 3.
778 4158 810 4194 nu
829 4142 930 4194 dienen.

213 4239 245 4248 -
259 4212 361 4273 eam]
378 4225 400 4262 a.
413 4215 437 4275 b,
452 4215 474 4276 1,
489 4214 510 4263 1.
527 4239 562 4247 -
574 4211 727 4274 Dexagori-
815 4214 854 4262 tt.
872 4210 991 4270 relictus]
1011 4208 1086 4258 niml.
1102 4224 1118 4258 α
1133 4206 1245 4256 Nabide.
1258 4234 1292 4243 -

212 4278 288 4341 dael*
778 4279 997 4341 —Argr'uorum1
1011 4276 1082 4327 diese
1092 4275 1173 4325 sollen
1184 4274 1222 4323 als
1232 4273 1293 4323 Gei-

250 4353 286 4402 ltl.
315 4349 340 4395 et
358 4349 427 4409 cum]
450 4345 491 4397 die
509 4344 664 4410 Tiusclruug
682 4345 727 4397 der
779 4347 834 4397 sein
854 4345 954 4397 dienen.
